@inproceedings{CALTeC_ICIP_2021,
      author    = {Dhondea, A. and  Cohen, R. A. and Baji\'{c}, I. V.},
      title     = {{CALTeC: Content-adaptive} linear tensor completion for collaborative intelligence},
      booktitle = {Proc. IEEE ICIP},
      year      = {2021},
      address   = {Anchorage, AK}
}

@inproceedings{DFTS2_VCIP_2021,
	author    = {Dhondea, A. and  Cohen, R. A. and Baji\'{c}, I. V.},
	title     = {{DFTS2}: Deep feature transmission simulator for collaborative intelligence},
	booktitle = {Proc. IEEE VCIP},
	year      = {2021},
	address   = {Munich, Germany},
	note = {to appear}
}

@inproceedings{neurosurgeon,
  title={Neurosurgeon: Collaborative Intelligence Between the Cloud and Mobile Edge},
  author={Y. Kang and J. Hauswald and C. Gao and A. Rovinski and T. N. Mudge and J. Mars and L. Tang},
  booktitle={Proc. ASPLOS'17},
  month={Apr.},
  year={2017}
}

@article{jointdnn,
	title={{JointDNN}: An efficient training and inference engine for intelligent mobile  cloud computing services},
	author={A. E. Eshratifar and M. S. Abrishami and M. Pedram},
	journal={IEEE Trans. Mobile Computing},
  volume = {20},
  number={2},
  pages={565-576},
  month={Feb.},
  year={2021}
}

@INPROCEEDINGS{CI_Overview_ICASSP2021,
  author={Baji\'{c}, I. V. and Lin, W. and Tian, Y.},
  booktitle={Proc. IEEE ICASSP}, 
  title={Collaborative Intelligence: Challenges and Opportunities}, 
  year={2021},
  pages={8493-8497}
}


@INPROCEEDINGS{8803110,
	author={S. R. {Alvar} and I. V. Baji{\'c}},
	booktitle={Proc. IEEE ICIP'19}, 
	title={Multi-Task Learning with Compressible Features for Collaborative Intelligence}, 
	year={2019},
	pages={1705-1709},
	month={Oct.}
}

@article{alvar2020bit,
	title={Bit Allocation for Multi-Task Collaborative Intelligence},
	author={Alvar, Saeed Ranjbar and Baji{\'c}, Ivan V},
	journal={arXiv preprint arXiv:2002.07048},
	year={2020}
}

@inproceedings{choi2018deep,
	title={Deep feature compression for collaborative object detection},
	author={H. Choi and I. V. Baji{\'c}},
	booktitle={Proc. IEEE ICIP'18},
	pages={3743-3747},
	month={Oct.},
	year={2018}
}

@inproceedings{choi2020back,
	title={Back-and-Forth prediction for deep tensor compression},
	author={Choi, Hyomin and Cohen, Robert A and Baji{\'c}, Ivan V},
	booktitle={ICASSP 2020-2020 IEEE International Conference on Acoustics, Speech and Signal Processing (ICASSP)},
	pages={4467--4471},
	year={2020},
	organization={IEEE}
}

@inproceedings{10.1117/12.2538738,
	author = {Weiqian Wang and Ping An and Chao Yang and Xinpeng Huang},
	title = {{Intermediate deep-feature compression for multitasking}},
	volume = {11187},
	booktitle = {Optoelectronic Imaging and Multimedia Technology VI},
	editor = {Qionghai Dai and Tsutomu Shimura and Zhenrong Zheng},
	organization = {International Society for Optics and Photonics},
	publisher = {SPIE},
	pages = {206 -- 212},
	year = {2019},
	doi = {10.1117/12.2538738},
	URL = {https://doi.org/10.1117/12.2538738}
}


@misc{unnibhavi2018dfts,
	author={H. Unnibhavi and H. Choi and S. R. Alvar and I. V. Baji{\'c}},
	title={{DFTS: Deep} feature transmission simulator},
	howpublished={\textit{IEEE MMSP'18} demo},
	note={\url{https://github.com/SFU-Multimedia-Lab/DFTS}},
	year={2018}
}


@INPROCEEDINGS{5755057,	
	author={G. {Hasslinger} and O. {Hohlfeld}},
	booktitle={Proc. 14th GI/ITG Conference - Measurement, Modelling and Evaluation of Computer and Communication Systems}, 
	title={The {Gilbert-Elliott} Model for Packet Loss in Real Time Services on the {Internet}}, 
	year={2008},
	volume={},
	number={},
	pages={1-15},
}

@article{stuhlmuller2000analysis,
  title={Analysis of video transmission over lossy channels},
  author={Stuhlmuller, K. and Farber, N. and Link, M. and Girod, B.},
  journal={IEEE Journal on Selected Areas in Communications},
  volume={18},
  number={6},
  pages={1012--1032},
  year={2000},
  publisher={IEEE}
}


@ARTICLE{Bragile2020,
	author={L. {Bragilevsky} and I. V. Baji{\'c}},
	journal={IEEE Access}, 
	title={Tensor Completion Methods for Collaborative Intelligence}, 
	year={2020},
	volume={8},
	number={},
	pages={41162-41174},
	ISSN={2169-3536},
	month={},}
	
@book{video2002,
	title = {Video processing and communications},
	author = {Y. Wang and J. Ostermann and Y.-Q. Zhang},
	year = {2002},
	publisher = {Prentice Hall}
}

@ARTICLE{701166,  author={ {Zhou Wang} and  {Yinglin Yu} and D. {Zhang}},  journal={IEEE Transactions on Image Processing},   title={Best neighborhood matching: an information loss restoration technique for block-based image coding systems},   year={1998},  volume={7},  number={7},  pages={1056-1061},  doi={10.1109/83.701166}}

@article{liu2012tensor,
	title={Tensor completion for estimating missing values in visual data},
	author={J. Liu and P. Musialski and P. Wonka and J. Ye},
	journal={IEEE Trans. Pattern Analysis and Machine Intelligence},
	volume={35},
	number={1},
	pages={208--220},
	year={2013},
	month={Jan.}
}

@ARTICLE{Chen20,
  author={Z. Chen and K. Fan and S. Wang and L. Duan and W. Lin and A. C. Kot},
  journal={IEEE Trans. Image Processing}, 
  title={Toward intelligent sensing: Intermediate deep feature compression}, 
  year={2020},
  volume={29},
  pages={2230-2243}
} 

@article{Duan2020VideoCF,
	title={Video Coding for Machines: A Paradigm of Collaborative Compression and Intelligent Analytics},
	author={L. Duan and J. Liu and W. Yang and T. Huang and W. Gao},
	journal={IEEE Trans. Image Processing},
	year={2020},
	volume={29},
	pages={8680-8695}
}

@misc{vcm_call_for_evidence,
  title={Call for Evidence for Video Coding for Machines}, 
  note={ISO/IEC JTC 1/SC 29/WG 2, m55065, Oct. 2020},
  author={ISO/IEC}
}

@misc{JPEG-AI_use_cases,
  title={{JPEG AI} Use Cases and Requirements}, 
  note={ISO/IEC JTC 1/SC29/WG1 M90014, Jan. 2021},
  author={J. Ascenso}
}

@INPROCEEDINGS{eshratifar2019bottlenet,
author={A. E. {Eshratifar} and A. {Esmaili} and M. {Pedram}},
booktitle={Proc. IEEE/ACM Int. Symposium Low Power Electronics and Design (ISLPED)},
title={{BottleNet}: A Deep Learning Architecture for Intelligent Mobile Cloud Computing Services},
year={2019},
month={Jul.}
}

@inproceedings{choi_neural_2019,
	title = {Neural Joint Source-Channel Coding},
	booktitle = {Proc. {ICML}},
	author = {K. Choi and K. Tatwawadi and A. Grover and T. Weissman and S. Ermon},
	month = {Jun.},
	year = {2019},
	pages = {1182--1192}
}

@INPROCEEDINGS{BottleNet++,  
    author={J. {Shao} and J. {Zhang}},  
    booktitle={Proc. IEEE ICC Workshops},   title={BottleNet++: An End-to-End Approach for Feature Compression in Device-Edge Co-Inference Systems},   
    year={2020},
    month={Jun.},
    pages={1-6}
}

@INPROCEEDINGS{ResNet,
    author={K. {He} and X. {Zhang} and S. {Ren} and J. {Sun}},
    booktitle={Proc. IEEE/CVF CVPR}, 
    title={Deep Residual Learning for Image Recognition}, 
    year={2016},
    month={Jun.},
    pages={770-778}
}

@inproceedings{cohen2020lightweight,
	title={Lightweight Compression Of Neural Network Feature Tensors For Collaborative Intelligence},
	author={R. A. Cohen and H. Choi and I. V. Baji{\'c}},
	booktitle={Proc. IEEE ICME'20},
	month={Jul.},
	year={2020}
}

@article{imagenet2015,
	EEEAuthor = {O. Russakovsky and J. Deng and H. Su and J. Krause and S. Satheesh and S. Ma and Z. Huang and A. Karpathy and A. Khosla and M. Bernstein and A. C. Berg and L. Fei-Fei},
	Author = {O. Russakovsky and others},
	Title = {{ImageNet} Large Scale Visual Recognition Challenge},
	Year = {2015},
	month = {Dec.},
	journal   = {Int. J. Comput. Vision},
	doi = {10.1007/s11263-015-0816-y},
	volume={115},
	number={3},
	pages={211-252}
}

@INPROCEEDINGS{densenet2017,
  author={Huang, G. and Liu, Z. and Van Der Maaten, L. and Weinberger, K. Q.},
  booktitle={Proc. IEEE/CVF CVPR}, 
  title={Densely Connected Convolutional Networks}, 
  year={2017},
  pages={2261-2269},
  doi={10.1109/CVPR.2017.243}
  }

@INPROCEEDINGS{navierstokes,
  author={Bertalmio, M. and Bertozzi, A. L. and Sapiro, G.},
  booktitle={Proc. IEEE/CVF CVPR}, 
  title={{Navier-Stokes,} fluid dynamics, and image and video inpainting}, 
  year={2001},
  volume={1},
  number={},
  pages = {I-355--I-362},
  doi={10.1109/CVPR.2001.990497}}

@inproceedings{Bragile2021,
author = {L. {Bragilevsky} and I. V. Baji{\'c}},
booktitle={2020 IEEE Communications Theory Workshop (CTW)},
title={Error Resilient Collaborative Intelligence via Low-Rank Tensor Completion},
year={2021},
note = {to appear},
}

@inproceedings{Bajic2021objdet,
author = {I. V. Baji{\'c}},
booktitle = {Proc. IEEE ICC},
title = {Latent Space Inpainting for Loss-Resilient Collaborative Object Detection},
year = {2021}
}

@article{telea2004image,
  title={An image inpainting technique based on the fast marching method},
  author={Telea, A.},
  journal={J. Graphics Tools},
  volume={9},
  number={1},
  pages={23--34},
  year={2004},
  publisher={Taylor \& Francis}
}

@article{cohen2021lightweight,
  title={Lightweight Compression of Intermediate Neural Network Features for Collaborative Intelligence},
  author={Cohen, R. A. and Choi, H. and Baji{\'c}, I. V.},
  journal={IEEE Open Journal of Circuits and Systems},
  volume={2},
  pages={350--362},
  year={2021},
  publisher={IEEE}
}
